@article{Yedidia2001,
author = {Yedidia, Jonathan S and Freeman, William T and Weiss, Yair},
file = {:Users/benjaminaubin/Documents/Bibliography Mendeley/TR2001-22(1).pdf:pdf},
title = {{Understanding Belief Propagation and its Generalizations}},
year = {2001}
}
