@article{Rangan,
archivePrefix = {arXiv},
arxivId = {arXiv:1010.5141v2},
author = {Rangan, Sundeep},
eprint = {arXiv:1010.5141v2},
file = {:Users/benjaminaubin/Documents/Bibliography Mendeley/1010.5141.pdf:pdf},
pages = {1--22},
title = {{Generalized Approximate Message Passing for Estimation with Random Linear Mixing}}
}
@article{Bayati,
archivePrefix = {arXiv},
arxivId = {arXiv:1001.3448v4},
author = {Bayati, Mohsen},
eprint = {arXiv:1001.3448v4},
file = {:Users/benjaminaubin/Documents/Bibliography Mendeley/1001.3448.pdf:pdf},
title = {{The dynamics of message passing on dense graphs , with applications to compressed sensing}}
}
